
@Article{	  arfib2002strategies,
  author	= {Arfib, Daniel and Couturier, Jean-Michel and Kessous,
		  Lo{\i}c and Verfaille, Vincent},
  journal	= {Organised sound},
  number	= {2},
  pages		= {127--144},
  publisher	= {Cambridge University Press},
  title		= {Strategies of mapping between gesture data and synthesis
		  model parameters using perceptual spaces},
  volume	= {7},
  year		= {2002}
}

@InProceedings{	  ashley1986knowledge,
  author	= {Ashley, Richard D},
  booktitle	= {Proceedings of the 1986 International Computer Music
		  Conference},
  publisher	= {Ann Arbor, MI: Michigan Publishing, University of Michigan
		  Library},
  title		= {A knowledge-based approach to assistance in timbral
		  design},
  year		= {1986}
}

@InProceedings{	  barkan2019deep,
  author	= {Barkan, Oren and Tsiris, David},
  booktitle	= {ICASSP 2019-2019 IEEE International Conference on
		  Acoustics, Speech and Signal Processing (ICASSP)},
  organization	= {IEEE},
  pages		= {3887--3891},
  title		= {Deep Synthesizer Parameter Estimation},
  year		= {2019}
}

@Article{	  barkan2019inversynth,
  title		= {InverSynth: Deep Estimation of Synthesizer Parameter
		  Configurations From Audio Signals},
  author	= {Barkan, Oren and Tsiris, David and Katz, Ori and
		  Koenigstein, Noam},
  journal	= {IEEE/ACM Transactions on Audio, Speech, and Language
		  Processing},
  volume	= {27},
  number	= {12},
  pages		= {2385--2396},
  year		= {2019},
  publisher	= {IEEE}
}

@Article{	  beauchamp1982synthesis,
  author	= {Beauchamp, James W},
  journal	= {Journal of the Audio Engineering Society},
  number	= {6},
  pages		= {396--406},
  publisher	= {Audio Engineering Society},
  title		= {Synthesis by spectral amplitude and "Brightness" matching
		  of analyzed musical instrument tones},
  volume	= {30},
  year		= {1982}
}

@InProceedings{	  blancas2014sound,
  author	= {Blancas, David Sanchez and Janer, Jordi},
  booktitle	= {Audio Engineering Society Conference: 53rd International
		  Conference: Semantic Audio},
  organization	= {Audio Engineering Society},
  title		= {Sound retrieval from voice imitation queries in
		  collaborative databases},
  year		= {2014}
}

@InProceedings{	  cartwright2015vocalsketch,
  author	= {Cartwright, Mark and Pardo, Bryan},
  booktitle	= {Proceedings of the 33rd Annual ACM Conference on Human
		  Factors in Computing Systems},
  organization	= {ACM},
  pages		= {43--46},
  title		= {Vocalsketch: Vocally imitating audio concepts},
  year		= {2015}
}

@Article{	  cheung1996group,
  author	= {Cheung, Ngai-Man and Horner, Andrew B},
  journal	= {Journal of the Audio Engineering Society},
  number	= {3},
  pages		= {130--147},
  publisher	= {Audio Engineering Society},
  title		= {Group synthesis with genetic algorithms},
  volume	= {44},
  year		= {1996}
}

@InProceedings{	  chinen2007genesynth,
  author	= {Chinen, Michael and Osaka, Naotoshi},
  booktitle	= {Proceedings of the International Computer Music
		  Conference},
  title		= {Genesynth: noise band-Based Genetic Algorithm
		  Analysis/synthesis Framework.},
  year		= {2007}
}

@InProceedings{	  clement2011automatic,
  author	= {Clement, Ross},
  booktitle	= {Proceedings of the 2011 International Computer Music
		  Conference},
  publisher	= {Ann Arbor, MI: Michigan Publishing, University of Michigan
		  Library},
  title		= {Automatic synthesiser programming},
  year		= {2011}
}

@InProceedings{	  dahlstedt2001creating,
  author	= {Dahlstedt, Palle},
  booktitle	= {ICMC},
  title		= {Creating and Exploring Huge Parameter Spaces: Interactive
		  Evolution as a Tool for Sound Generation.},
  year		= {2001}
}

@InProceedings{	  de2017ten,
  author	= {De Man, Brecht and Reiss, Joshua D and Stables, Ryan},
  booktitle	= {Proceedings of the 3rd Workshop on Intelligent Music
		  Production},
  title		= {Ten years of automatic mixing},
  year		= {2017}
}

@InProceedings{	  delprat1990parameter,
  author	= {Delprat, N and Guillemain, Ph and Kronland-Martinet, R},
  booktitle	= {Proceedings of the 1990 International Computer Music
		  Conference},
  pages		= {88--90},
  title		= {Parameter estimation for non-linear resynthesis methods
		  with the help of a time-frequency analysis of natural
		  sounds},
  year		= {1990}
}

@Article{	  delprat1997global,
  author	= {Delprat, Nathalie},
  journal	= {IEEE Transactions on Speech and Audio Processing},
  number	= {1},
  pages		= {64--71},
  publisher	= {IEEE},
  title		= {Global frequency modulation laws extraction from the Gabor
		  transform of a signal: A first study of the interacting
		  components case},
  volume	= {5},
  year		= {1997}
}

@InProceedings{	  erkut2000extraction,
  author	= {Erkut, Cumhur and V{\"a}lim{\"a}ki, Vesa and Karjalainen,
		  Matti and Laurson, Mikael},
  booktitle	= {Audio Engineering Society Convention 108},
  organization	= {Audio Engineering Society},
  title		= {Extraction of physical and expressive parameters for
		  model-based sound synthesis of the classical guitar},
  year		= {2000}
}

@Article{	  esling2020flow,
  title		= {Flow Synthesizer: Universal Audio Synthesizer Control with
		  Normalizing Flows},
  author	= {Esling, Philippe and Masuda, Naotake and Bardet, Adrien
		  and Despres, Romeo and Chemla-Romeu-Santos, Axel},
  journal	= {Applied Sciences},
  volume	= {10},
  number	= {1},
  pages		= {302},
  year		= {2020},
  publisher	= {Multidisciplinary Digital Publishing Institute}
}

@Article{	  ethington1994seawave,
  author	= {Ethington, Russ and Punch, Bill},
  journal	= {Computer Music Journal},
  number	= {1},
  pages		= {30--39},
  publisher	= {JSTOR},
  title		= {SeaWave: A system for musical timbre description},
  volume	= {18},
  year		= {1994}
}

@InProceedings{	  fasciani2016tsam,
  author	= {Fasciani, Stefano},
  booktitle	= {Proceedings of the 13th Annual Sound and Music Computing
		  Conference},
  organization	= {SCM},
  title		= {TSAM: a tool for analyzing, modeling, and mapping the
		  timbre of sound synthesizers},
  year		= {2016}
}

@Misc{		  fedden2017renderman,
  author	= {Leon Fedden},
  date-added	= {2019-11-10 00:50:41 +0000},
  date-modified	= {2019-11-10 00:53:07 +0000},
  title		= {Renderman: VST host in Python},
  url		= {https://doi.org/10.5281/zenodo.1075827},
  urldate	= {2017},
  year		= {2017}
}

@Article{	  fortin2012deap,
  author	= {F\'elix-Antoine Fortin and Fran\c{c}ois-Michel {De
		  Rainville} and Marc-Andr\'e Gardner and Marc Parizeau and
		  Christian Gagn\'e },
  title		= { {DEAP}: Evolutionary Algorithms Made Easy },
  pages		= { 2171--2175 },
  volume	= { 13 },
  month		= { jul },
  year		= { 2012 },
  journal	= { Journal of Machine Learning Research }
}

@InProceedings{	  fujinaga1994genetic,
  author	= {Fujinaga, Ichiro and Vantomme, Jason},
  booktitle	= {Proceedings of the International Computer Music
		  Conference},
  pages		= {138--138},
  title		= {Genetic algorithms as a method for granular synthesis
		  regulation},
  year		= {1994}
}

@MastersThesis{	  garcia2001automatic,
  author	= {Garc{\'\i}a, Ricardo Antonio},
  school	= {Massachusetts Institute of Technology},
  title		= {Automatic generation of sound synthesis techniques},
  year		= {2001}
}

@InProceedings{	  garcia2001growing,
  author	= {Garcia, R},
  booktitle	= {Proceedings ALMMA 2001: Artificial Life Models for Musical
		  Applications Workshop,(ECAL 2001)},
  organization	= {Citeseer},
  title		= {Growing sound synthesizers using evolutionary methods},
  year		= {2001}
}

@Misc{		  gold19129,
  month		= {January},
  title		= {A Java-based VST Host. VST instruments and effects can be
		  loaded and manipulated by this library in Linux, OS X, and
		  Windows},
  author	= {Martin Roth and Matthew Yee-King},
  year		= {2008},
  keywords	= {vst},
  url		= {http://research.gold.ac.uk/19129/}
}

@InProceedings{	  gounaropoulos2006synthesising,
  author	= {Gounaropoulos, Alex and Johnson, Colin},
  booktitle	= {Workshops on Applications of Evolutionary Computation},
  organization	= {Springer},
  pages		= {664--675},
  title		= {Synthesising timbres and timbre-changes from
		  adjectives/adverbs},
  year		= {2006}
}

@Article{	  hamadicharef2012intelligent,
  author	= {Hamadicharef, Brahim and Ifeachor, Emmanuel C},
  journal	= {Expert Systems with Applications},
  number	= {7},
  pages		= {6476--6484},
  publisher	= {Elsevier},
  title		= {Intelligent and perceptual-based approach to musical
		  instruments sound design},
  volume	= {39},
  year		= {2012}
}

@InProceedings{	  heise2009automatic,
  author	= {Heise, Sebastian and Hlatky, Michael and Loviscach,
		  J{\"o}rn},
  booktitle	= {Audio Engineering Society Convention 127},
  organization	= {Audio Engineering Society},
  title		= {Automatic cloning of recorded sounds by software
		  synthesizers},
  year		= {2009}
}

@Book{		  hinkle2006women,
  title		= {Women Composers and Music Technology in the United States:
		  Crossing the Line},
  author	= {Hinkle-Turner, Elizabeth},
  year		= {2006},
  publisher	= {Ashgate Publishing, Ltd.}
}

@Article{	  horner1993machine,
  author	= {Horner, Andrew and Beauchamp, James and Haken, Lippold},
  journal	= {Computer Music Journal},
  number	= {4},
  pages		= {17--29},
  publisher	= {JSTOR},
  title		= {Machine tongues XVI: Genetic algorithms and their
		  application to FM matching synthesis},
  volume	= {17},
  year		= {1993}
}

@Article{	  horner1993methods,
  author	= {Horner, Andrew and Beauchamp, James and Haken, Lippold},
  journal	= {Journal of the Audio Engineering Society},
  number	= {5},
  pages		= {336--356},
  publisher	= {Audio Engineering Society},
  title		= {Methods for multiple wavetable synthesis of musical
		  instrument tones},
  volume	= {41},
  year		= {1993}
}

@Article{	  horner1995envelope,
  author	= {Horner, Andrew},
  journal	= {Journal of New Music Research},
  number	= {4},
  pages		= {318--341},
  publisher	= {Taylor \& Francis},
  title		= {Envelope matching with genetic algorithms},
  volume	= {24},
  year		= {1995}
}

@Article{	  horner1995wavetable,
  author	= {Horner, Andrew},
  journal	= {Journal of the Audio Engineering Society},
  number	= {11},
  pages		= {916--931},
  publisher	= {Audio Engineering Society},
  title		= {Wavetable matching synthesis of dynamic instruments with
		  genetic algorithms},
  volume	= {43},
  year		= {1995}
}

@Article{	  horner1996computation,
  author	= {Horner, Andrew },
  journal	= {Journal of the Audio Engineering Society},
  number	= {6},
  pages		= {481--496},
  publisher	= {Audio Engineering Society},
  title		= {Computation and memory tradeoffs with multiple wavetable
		  interpolation},
  volume	= {44},
  year		= {1996}
}

@Article{	  horner1996double,
  author	= {Horner, Andrew},
  journal	= {Computer Music Journal},
  number	= {2},
  pages		= {57--71},
  publisher	= {JSTOR},
  title		= {Double-modulator FM matching of instrument tones},
  volume	= {20},
  year		= {1996}
}

@Article{	  horner1996piecewise,
  author	= {Horner, Andrew and Beauchamp, James},
  journal	= {Computer Music Journal},
  number	= {2},
  pages		= {72--95},
  publisher	= {JSTOR},
  title		= {Piecewise-linear approximation of additive synthesis
		  envelopes: a comparison of various methods},
  volume	= {20},
  year		= {1996}
}

@Article{	  horner1998modeling,
  author	= {Horner, Andrew and Ayers, Lydia},
  journal	= {Journal of the Audio Engineering Society},
  number	= {10},
  pages		= {868--879},
  publisher	= {Audio Engineering Society},
  title		= {Modeling acoustic wind instruments with contiguous group
		  synthesis},
  volume	= {46},
  year		= {1998}
}

@Article{	  horner1998nested,
  author	= {Horner, Andrew},
  journal	= {IEEE Transactions on Speech and Audio Processing},
  number	= {4},
  pages		= {398--409},
  publisher	= {IEEE},
  title		= {Nested modulator and feedback FM matching of instrument
		  tones},
  volume	= {6},
  year		= {1998}
}

@Article{	  horner2003auto,
  author	= {Horner, Andrew},
  journal	= {Contemporary Music Review},
  number	= {3},
  pages		= {21--29},
  publisher	= {Taylor \& Francis},
  title		= {Auto-programmable FM and wavetable synthesizers},
  volume	= {22},
  year		= {2003}
}

@Article{	  hourdin1997sound,
  author	= {Hourdin, Christophe and Charbonneau, G{\'e}rard and
		  Moussa, Tarek},
  journal	= {Computer Music Journal},
  number	= {2},
  pages		= {56--68},
  publisher	= {JSTOR},
  title		= {A sound-synthesis technique based on multidimensional
		  scaling of spectra},
  volume	= {21},
  year		= {1997}
}

@InProceedings{	  howard2007timbral,
  title		= {Timbral adjectives for the control of a music
		  synthesizer},
  author	= {Howard, D and Disley, A and Hunt, A},
  booktitle	= {19th International Congress on Acoustics, Madrid},
  pages		= {2--7},
  year		= {2007}
}

@InProceedings{	  huang2014active,
  author	= {Huang, Cheng-Zhi Anna and Duvenaud, David and Arnold,
		  Kenneth C and Partridge, Brenton and Oberholtzer, Josiah W
		  and Gajos, Krzysztof Z},
  booktitle	= {Proceedings of the 19th international conference on
		  Intelligent User Interfaces},
  organization	= {ACM},
  pages		= {115--124},
  title		= {Active learning of intuitive control knobs for
		  synthesizers using gaussian processes},
  year		= {2014}
}

@Article{	  humphrey2013brief,
  author	= {Humphrey, Eric J and Turnbull, Douglas and Collins, Tom},
  journal	= {ISMIR Late-Breaking News and Demos},
  title		= {A brief review of creative MIR},
  year		= {2013}
}

@InProceedings{	  itoyama2014parameter,
  author	= {Itoyama, Katsutoshi and Okuno, Hiroshi G},
  booktitle	= {ICMC},
  title		= {Parameter estimation of virtual musical instrument
		  synthesizers},
  year		= {2014}
}

@MastersThesis{	  jehan2001perceptual,
  author	= {Jehan, Tristan},
  school	= {Massachusetts Institute of Technology},
  title		= {Perceptual synthesis engine: An audio-driven timbre
		  generator},
  year		= {2001}
}

@InProceedings{	  johnson1999exploring,
  author	= {Johnson, Colin G},
  booktitle	= {Proceedings of the AISB'99 Symposium on Musical
		  Creativity},
  organization	= {Society for the Study of Artificial Intelligence and
		  Simulation of Behaviour},
  pages		= {20--27},
  title		= {Exploring the sound-space of synthesis algorithms using
		  interactive genetic algorithms},
  year		= {1999}
}

@Article{	  johnson2003exploring,
  author	= {Johnson, Colin G},
  journal	= {Leonardo},
  number	= {1},
  pages		= {51--54},
  publisher	= {MIT Press},
  title		= {Exploring sound-space with interactive genetic
		  algorithms},
  volume	= {36},
  year		= {2003}
}

@InProceedings{	  johnson2006timbre,
  author	= {Johnson, Colin G and Gounaropoulos, Alex},
  booktitle	= {Proceedings of the 2006 conference on New interfaces for
		  musical expression},
  organization	= {IRCAM},
  pages		= {101--102},
  title		= {Timbre interfaces using adjectives and adverbs},
  year		= {2006}
}

@Article{	  johnson2011sound,
  author	= {Johnson, Adam and Phillips, Iain},
  journal	= {Imperial College London},
  title		= {Sound Resynthesis with a Genetic Algorithm},
  year		= {2011}
}

@Article{	  justice1979analytic,
  author	= {Justice, James},
  journal	= {IEEE Transactions on Acoustics, Speech, and Signal
		  Processing},
  number	= {6},
  pages		= {670--684},
  publisher	= {IEEE},
  title		= {Analytic signal processing in music computation},
  volume	= {27},
  year		= {1979}
}

@InProceedings{	  kapur2004query,
  author	= {Kapur, Ajay and Benning, Manj and Tzanetakis, George},
  booktitle	= {Proceedings of the International Conference on Music
		  Information Retrieval},
  pages		= {170--177},
  title		= {Query-by-beat-boxing: Music retrieval for the DJ},
  year		= {2004}
}

@Article{	  kingma2014adam,
  title		= {Adam: A method for stochastic optimization},
  author	= {Kingma, Diederik P and Ba, Jimmy},
  journal	= {arXiv preprint arXiv:1412.6980},
  year		= {2014}
}

@InProceedings{	  knees2019intelligent,
  author	= {Knees, Peter and Schedl, Markus and Fiebrink, Rebecca},
  booktitle	= {Proceedings of the 24th International Conference on
		  Intelligent User Interfaces: Companion},
  organization	= {ACM},
  pages		= {135--136},
  title		= {Intelligent music interfaces for listening and creation},
  year		= {2019}
}

@InProceedings{	  krekovic2014intelligent,
  author	= {Krekovi{\'c}, Gordan and Petrinovi{\'c}, Davor},
  booktitle	= {ICMC},
  title		= {Intelligent exploration of sound spaces using decision
		  trees and evolutionary approach},
  year		= {2014}
}

@Article{	  krekovic2016algorithm,
  author	= {Krekovi{\'c}, Gordan and Po{\v{s}}{\'c}i{\'c}, Antonio and
		  Petrinovi{\'c}, Davor},
  journal	= {Journal of New Music Research},
  number	= {4},
  pages		= {375--390},
  publisher	= {Taylor \& Francis},
  title		= {An algorithm for controlling arbitrary sound synthesizers
		  using adjectives},
  volume	= {45},
  year		= {2016}
}

@InProceedings{	  krekovic2019insights,
  author	= {Krekovi{\'c}, Gordan},
  booktitle	= {Proceedings of the 16th Sound and Music Computing
		  Conference},
  title		= {Insights In Habits and Attitudes Regarding Programming
		  Sound Synthesizers: A Quantitative Study},
  year		= {2019}
}

@InProceedings{	  lai2006automated,
  title		= {Automated optimization of parameters for FM sound
		  synthesis with genetic algorithms},
  author	= {Lai, Yuyo and Jeng, Shyh-Kang and Liu, Der-Tzung and Liu,
		  Yo-Chung},
  booktitle	= {International Workshop on Computer Music and Audio
		  Technology},
  pages		= {205},
  year		= {2006},
  organization	= {Citeseer}
}

@MastersThesis{	  le2002neural,
  title		= {A neural network principal component synthesizer for
		  expressive control of musical sounds},
  author	= {Le Groux, Sylvain},
  year		= {2002},
  school	= {Paris, France: IRCAM}
}

@Article{	  lecun2015deep,
  title		= {Deep learning},
  author	= {LeCun, Yann and Bengio, Yoshua and Hinton, Geoffrey},
  journal	= {nature},
  volume	= {521},
  number	= {7553},
  pages		= {436--444},
  year		= {2015},
  publisher	= {Nature Publishing Group}
}

@Article{	  lee1999modeling,
  author	= {Lee, Kathy and Horner, Andrew},
  journal	= {Journal of the Audio Engineering Society},
  number	= {3},
  pages		= {101--111},
  publisher	= {Audio Engineering Society},
  title		= {Modeling piano tones with group synthesis},
  volume	= {47},
  year		= {1999}
}

@Article{	  lemaitre2014effectiveness,
  author	= {Lemaitre, Guillaume and Rocchesso, Davide},
  journal	= {The Journal of the Acoustical Society of America},
  number	= {2},
  pages		= {862--873},
  publisher	= {ASA},
  title		= {On the effectiveness of vocal imitations and verbal
		  descriptions of sounds},
  volume	= {135},
  year		= {2014}
}

@Article{	  liang2000recurrent,
  author	= {Liang, Sheng-Fu and Su, Alvin WY},
  journal	= {Journal of the Audio Engineering Society},
  number	= {11},
  pages		= {1045--1059},
  publisher	= {Audio Engineering Society},
  title		= {Recurrent neural-network-based physical model for the chin
		  and other plucked-string instruments},
  volume	= {48},
  year		= {2000}
}

@Article{	  lim1999performance,
  author	= {Lim, SM and Tan, BTG},
  journal	= {Journal of the Audio Engineering Society},
  number	= {5},
  pages		= {339--354},
  publisher	= {Audio Engineering Society},
  title		= {Performance of the genetic annealing algorithm in DFM
		  synthesis of dynamic musical sound samples},
  volume	= {47},
  year		= {1999}
}

@InProceedings{	  luke2019stochastic,
  title		= {Stochastic Synthesizer Patch Exploration in Edisyn},
  author	= {Luke, Sean},
  booktitle	= {International Conference on Computational Intelligence in
		  Music, Sound, Art and Design (Part of EvoStar)},
  pages		= {188--200},
  year		= {2019},
  organization	= {Springer}
}

@Article{	  macret2012automatic,
  author	= {Macret, Matthieu and Pasquier, Philippe and Smyth,
		  Tamara},
  title		= {Automatic calibration of modified fm synthesis to harmonic
		  sounds using genetic algorithms},
  year		= {2012}
}

@InProceedings{	  macret2013automatic,
  author	= {Macret, Matthieu and Pasquier, Philippe},
  booktitle	= {Proceedings of the Sound and Music Computing Conference},
  title		= {Automatic Tuning of the OP-1 Synthesizer Using a
		  Multi-objective Genetic Algorithm},
  year		= {2013}
}

@InProceedings{	  macret2014automatic,
  author	= {Macret, Matthieu and Pasquier, Philippe},
  booktitle	= {Proceedings of the 2014 Annual Conference on Genetic and
		  Evolutionary Computation},
  organization	= {ACM},
  pages		= {309--316},
  title		= {Automatic design of sound synthesizers as pure data
		  patches using coevolutionary mixed-typed cartesian genetic
		  programming},
  year		= {2014}
}

@Article{	  mandelis2003musical,
  author	= {Mandelis, James and Husbands, Phil},
  journal	= {Contemporary Music Review},
  number	= {3},
  pages		= {69--77},
  publisher	= {Taylor \& Francis},
  title		= {Musical interaction with artificial life forms: Sound
		  synthesis and performance mappings},
  volume	= {22},
  year		= {2003}
}

@InProceedings{	  mcartwright2014,
  author	= {Cartwright, Mark and Pardo, Bryan},
  booktitle	= {Proceedings of the International Conference on New
		  Interfaces for Musical Expression},
  month		= jun,
  pages		= {363--366},
  title		= {SynthAssist: Querying an Audio Synthesizer by Vocal
		  Imitation},
  url		= {http://www.nime.org/proceedings/2014/nime2014_446.pdf},
  year		= {2014},
  bdsk-url-1	= {http://www.nime.org/proceedings/2014/nime2014_446.pdf}
}

@InProceedings{	  mcdermott2007evolutionary,
  title		= {Evolutionary GUIs for sound synthesis},
  author	= {McDermott, James and Griffith, Niall JL and O'Neill,
		  Michael},
  booktitle	= {Workshops on Applications of Evolutionary Computation},
  pages		= {547--556},
  year		= {2007},
  organization	= {Springer}
}

@PhDThesis{	  mcdermott2008evolutionary,
  author	= {McDermott, James},
  date-added	= {2019-11-04 18:35:37 +0000},
  date-modified	= {2019-11-04 18:40:32 +0000},
  journal	= {Applications of Evolutionary Computing},
  publisher	= {Citeseer},
  school	= {University of Limerick, Ireland},
  title		= {Evolutionary computation applied to the control of sound
		  synthesis},
  volume	= {4974},
  year		= {2008}
}

@InProceedings{	  mcfee2015librosa,
  title		= {librosa: Audio and music signal analysis in python},
  author	= {McFee, Brian and Raffel, Colin and Liang, Dawen and Ellis,
		  Daniel PW and McVicar, Matt and Battenberg, Eric and Nieto,
		  Oriol},
  booktitle	= {Proceedings of the 14th python in science conference},
  volume	= {8},
  year		= {2015}
}

@MastersThesis{	  mintz2007toward,
  author	= {Mintz, Daniel},
  school	= {Citeseer},
  title		= {Toward timbral synthesis: a new method for synthesizing
		  sound based on timbre description schemes},
  year		= {2007}
}

@Article{	  miranda1995artificial,
  author	= {Miranda, Eduardo Reck},
  journal	= {Computer Music Journal},
  number	= {2},
  pages		= {59--75},
  publisher	= {JSTOR},
  title		= {An artificial intelligence approach to sound design},
  volume	= {19},
  year		= {1995}
}

@Article{	  miranda2004crossroads,
  title		= {At the crossroads of evolutionary computation and music:
		  Self-programming synthesizers, swarm orchestras and the
		  origins of melody},
  author	= {Miranda, Eduardo Reck},
  journal	= {Evolutionary Computation},
  volume	= {12},
  number	= {2},
  pages		= {137--158},
  year		= {2004},
  publisher	= {MIT Press}
}

@InProceedings{	  mitchell2005frequency,
  author	= {Mitchell, Thomas and Sullivan, Charlie},
  booktitle	= {Audio Engineering Society Convention 118},
  month		= {May},
  title		= {Frequency Modulation Tone Matching Using a Fuzzy
		  Clustering Evolution Strategy},
  year		= {2005}
}

@InProceedings{	  mitchell2007evolutionary,
  author	= {Mitchell, Thomas J and Creasey, David P},
  booktitle	= {Sixth International Conference on Machine Learning and
		  Applications (ICMLA 2007)},
  organization	= {IEEE},
  pages		= {229--234},
  title		= {Evolutionary sound matching: A test methodology and
		  comparative study},
  year		= {2007}
}

@Article{	  mitchell2012automated,
  title		= {Automated evolutionary synthesis matching},
  author	= {Mitchell, Thomas},
  journal	= {Soft Computing},
  volume	= {16},
  number	= {12},
  pages		= {2057--2070},
  year		= {2012},
  publisher	= {Springer}
}

@InProceedings{	  moffat2019approaches,
  author	= {Moffat, David and Sandler, Mark B},
  booktitle	= {Arts},
  number	= {4},
  organization	= {Multidisciplinary Digital Publishing Institute},
  pages		= {125},
  title		= {Approaches in Intelligent Music Production},
  volume	= {8},
  year		= {2019}
}

@InProceedings{	  munoz2011opposition,
  title		= {Opposition-based shuffled PSO with passive congregation
		  applied to FM matching synthesis},
  author	= {Mu{\~n}oz, Daniel M and Llanos, Carlos H and Coelho,
		  Leandro dos S and Ayala-Rinc{\'o}n, Mauricio},
  booktitle	= {2011 IEEE Congress of Evolutionary Computation (CEC)},
  pages		= {2775--2781},
  year		= {2011},
  organization	= {IEEE}
}

@InProceedings{	  nackaerts2001parameter,
  author	= {Nackaerts, Axel and De Moor, Bart and Lauwereins, Rudy},
  booktitle	= {ICMC},
  title		= {Parameter estimation for dual-polarization plucked string
		  models.},
  year		= {2001}
}

@Article{	  oates1997analytical,
  author	= {Oates, Shaun and Eaglestone, Barry},
  journal	= {Computer Music Journal},
  number	= {2},
  pages		= {21--39},
  publisher	= {JSTOR},
  title		= {Analytical methods for group additive synthesis},
  volume	= {21},
  year		= {1997}
}

@InProceedings{	  pardo2019learning,
  author	= {Pardo, Bryan and Cartwright, Mark and Seetharaman, Prem
		  and Kim, Bongjun},
  booktitle	= {Arts},
  number	= {3},
  organization	= {Multidisciplinary Digital Publishing Institute},
  pages		= {110},
  title		= {Learning to Build Natural Audio Production Interfaces},
  volume	= {8},
  year		= {2019}
}

@InProceedings{	  payne1987microcomputer,
  author	= {Payne, Russell G},
  booktitle	= {Proceedings of the 1987 International Computer Music
		  Conference},
  title		= {A Microcomputer-Based Analysis/Resynthesis Scheme for
		  Processing Sampled Sounds using FM.},
  year		= {1987}
}

@InProceedings{	  pekonen2011computationally,
  author	= {Pekonen, Jussi and Pihlajam{\"a}ki, Tapani and
		  V{\"a}lim{\"a}ki, Vesa},
  booktitle	= {Proceedings of the 14th International Conference on
		  Digital Audio Effects (DAFx-11), Paris, France},
  pages		= {19--23},
  title		= {Computationally efficient Hammond organ synthesis},
  year		= {2011}
}

@InProceedings{	  povscic2013controlling,
  author	= {Po{\v{s}}{\'c}i{\'c}, Antonio and Krekovi{\'c}, Gordan},
  booktitle	= {Proc. of the 10th Sound and Music Computing Int. Conf},
  title		= {Controlling a sound synthesizer using timbral attributes},
  year		= {2013}
}

@MastersThesis{	  rasmussen2018evaluating,
  author	= {Rasmussen, Curtis},
  title		= {Evaluating the Usability of Software Synthesizers: An
		  Analysis and First Approach},
  year		= {2018}
}

@Article{	  riionheimo2003parameter,
  author	= {Riionheimo, Janne and V{\"a}lim{\"a}ki, Vesa},
  journal	= {EURASIP Journal on Applied Signal Processing},
  pages		= {791--805},
  publisher	= {Hindawi Publishing Corp.},
  title		= {Parameter estimation of a plucked string synthesis model
		  using a genetic algorithm with perceptual fitness
		  calculation},
  volume	= {2003},
  year		= {2003}
}

@InProceedings{	  roth2011comparison,
  author	= {Roth, Martin and Yee-King, Matthew},
  booktitle	= {Audio Engineering Society Convention 130},
  organization	= {Audio Engineering Society},
  title		= {A comparison of parametric optimization techniques for
		  musical instrument tone matching},
  year		= {2011}
}

@InProceedings{	  schatter2005synaesthetic,
  title		= {A Synaesthetic Approach for a synthesizer Interface Based
		  on Genetic Algorithms and fuzzy Sets.},
  author	= {Schatter, G{\"u}nther and Z{\"u}ger, Emanuel and Nitschke,
		  Christian},
  booktitle	= {ICMC},
  year		= {2005}
}

@InProceedings{	  seago2004critical,
  author	= {Seago, Allan and Holland, Simon and Mulholland, Paul},
  booktitle	= {Proceedings of the XVIII British HCI Group Annual
		  Conference},
  organization	= {HCI},
  publisher	= {Research Press International},
  title		= {A critical analysis of synthesizer user interfaces for
		  timbre},
  year		= {2004}
}

@InCollection{	  seago2013new,
  title		= {A new interaction strategy for musical timbre design},
  author	= {Seago, Allan},
  booktitle	= {Music and human-computer interaction},
  pages		= {153--169},
  year		= {2013},
  publisher	= {Springer}
}

@InProceedings{	  smith2017play,
  author	= {Smith, Benjamin D},
  booktitle	= {International Conference on Evolutionary and Biologically
		  Inspired Music and Art},
  organization	= {Springer},
  pages		= {275--288},
  title		= {Play it Again: Evolved Audio Effects and Synthesizer
		  Programming},
  year		= {2017}
}

@Article{	  so2002wavetable,
  author	= {So, Clifford and Horner, Andrew B},
  journal	= {Journal of the Audio Engineering Society},
  number	= {1/2},
  pages		= {46--56},
  publisher	= {Audio Engineering Society},
  title		= {Wavetable matching of inharmonic string tones},
  volume	= {50},
  year		= {2002}
}

@Misc{		  spleeter2019,
  title		= {Spleeter: A Fast And State-of-the Art Music Source
		  Separation Tool With Pre-trained Models},
  author	= {Romain Hennequin and Anis Khlif and Felix Voituret and
		  Manuel Moussallam},
  howpublished	= {Late-Breaking/Demo ISMIR 2019},
  month		= {November},
  note		= {Deezer Research},
  year		= {2019}
}

@PhDThesis{	  stowell2010making,
  author	= {Stowell, Dan},
  title		= {Making music through real-time voice timbre analysis:
		  machine learning and timbral control},
  year		= {2010}
}

@Article{	  su2002class,
  author	= {Su, Alvin WY and Liang, Sheng-Fu},
  journal	= {IEEE transactions on neural networks},
  number	= {5},
  pages		= {1137--1148},
  publisher	= {IEEE},
  title		= {A class of physical modeling recurrent networks for
		  analysis/synthesis of plucked string instruments},
  volume	= {13},
  year		= {2002}
}

@InProceedings{	  takala1993using,
  title		= {Using Physically-Based Models and Genetic Algorithms for
		  Functional Composition of Sound Signals},
  author	= {Takala, T and Hahn, J and Gritz, L and Geigel, J and Lee,
		  JW},
  booktitle	= {International Computer Music Conference (ICMC)},
  year		= {1993}
}

@Article{	  tan1996automated,
  author	= {Tan, BTG and Lim, SM},
  journal	= {Journal of the audio Engineering Society},
  number	= {1/2},
  pages		= {3--15},
  publisher	= {Audio Engineering Society},
  title		= {Automated parameter optimization of double frequency
		  modulation synthesis using the genetic annealing
		  algorithm},
  volume	= {44},
  year		= {1996}
}

@Article{	  tan2003automated,
  author	= {Tan, BTG and Liu, N},
  journal	= {Journal of the Audio Engineering Society},
  number	= {6},
  pages		= {534--546},
  publisher	= {Audio Engineering Society},
  title		= {Automated parameter optimization for double frequency
		  modulation synthesis using a tree evolution algorithm},
  volume	= {51},
  year		= {2003}
}

@Article{	  tatar2016automatic,
  author	= {Tatar, K{\i}van{\c{c}} and Macret, Matthieu and Pasquier,
		  Philippe},
  journal	= {Journal of New Music Research},
  number	= {2},
  pages		= {124--144},
  publisher	= {Routledge},
  title		= {Automatic synthesizer preset generation with PresetGen},
  volume	= {45},
  year		= {2016}
}

@Misc{		  tavana2015democracy,
  author	= {Tavana, Art},
  publisher	= {Pitchfork},
  title		= {Democracy of Sound: Is GarageBand Good for Music?},
  year		= {2015}
}

@Article{	  vandewalle2009reproducible,
  title		= {Reproducible research in signal processing},
  author	= {Vandewalle, Patrick and Kovacevic, Jelena and Vetterli,
		  Martin},
  journal	= {IEEE Signal Processing Magazine},
  volume	= {26},
  number	= {3},
  pages		= {37--47},
  year		= {2009},
  publisher	= {IEEE}
}

@InProceedings{	  vuori1993parameter,
  author	= {Vuori, Jarkko and V{\"a}lim{\"a}ki, Vesa},
  booktitle	= {Proceedings of the International Computer Music
		  Conference},
  organization	= {INTERNATIONAL COMPUTER MUSIC ACCOCIATION},
  pages		= {402--402},
  title		= {Parameter estimation of non-linear physical models by
		  simulated evolution-application to the flute model},
  year		= {1993}
}

@Conference{	  waet2015,
  author	= {Jillings, Nicholas and Moffat, David and De Man, Brecht
		  and Reiss, Joshua D.},
  booktitle	= {12th Sound and Music Computing Conference},
  month		= {July},
  title		= {Web {A}udio {E}valuation {T}ool: {A} browser-based
		  listening test environment},
  year		= {2015}
}

@InProceedings{	  wehn1998using,
  title		= {Using ideas from natural selection to evolve synthesized
		  sounds},
  author	= {Wehn, Kaare and others},
  booktitle	= {Proceedings of Digital Audio Effects workshop},
  year		= {1998},
  organization	= {Citeseer}
}

@Article{	  wessel1979timbre,
  author	= {Wessel, David L},
  journal	= {Computer music journal},
  pages		= {45--52},
  publisher	= {JSTOR},
  title		= {Timbre space as a musical control structure},
  year		= {1979}
}

@Article{	  whitley1994genetic,
  title		= {A genetic algorithm tutorial},
  author	= {Whitley, Darrell},
  journal	= {Statistics and computing},
  volume	= {4},
  number	= {2},
  pages		= {65--85},
  year		= {1994},
  publisher	= {Springer}
}

@InProceedings{	  yee2007automated,
  author	= {Yee-King, Matthew John},
  booktitle	= {Workshops on Applications of Evolutionary Computation},
  organization	= {Springer},
  pages		= {567--576},
  title		= {An automated music improviser using a genetic algorithm
		  driven synthesis engine},
  year		= {2007}
}

@InProceedings{	  yee2007evolving,
  author	= {Yee-King, Matthew John},
  booktitle	= {Music-AL workshop, ECAL conference},
  title		= {The evolving drum machine},
  volume	= {2007},
  year		= {2007}
}

@InProceedings{	  yee2008synthbot,
  author	= {Yee-King, Matthew and Roth, Martin},
  booktitle	= {Proceedings of the International Computer Music
		  Conference},
  title		= {Synthbot: an Unsupervised Software synthesizer
		  Programmer.},
  year		= {2008}
}

@PhDThesis{	  yee2011automatic,
  author	= {Yee-King, Matthew John},
  school	= {University of Sussex},
  title		= {Automatic sound synthesizer programming: techniques and
		  applications},
  year		= {2011}
}

@Article{	  yee2016use,
  author	= {Yee-King, Matthew John},
  journal	= {ACM Comput. Entertainment},
  number	= {3},
  title		= {The use of interactive genetic algorithms in sound design:
		  a comparison study},
  volume	= {14},
  year		= {2016}
}

@Article{	  yee2018automatic,
  author	= {Yee-King, Matthew John and Fedden, Leon and d'Inverno,
		  Mark},
  journal	= {IEEE Transactions on Emerging Topics in Computational
		  Intelligence},
  number	= {2},
  pages		= {150--159},
  publisher	= {IEEE},
  title		= {Automatic Programming of VST Sound Synthesizers Using Deep
		  Networks and Other Techniques},
  volume	= {2},
  year		= {2018}
}

@InProceedings{	  zhang2018visualization,
  author	= {Zhang, Yichi and Duan, Zhiyao},
  booktitle	= {2018 IEEE International Conference on Acoustics, Speech
		  and Signal Processing (ICASSP)},
  organization	= {IEEE},
  pages		= {2406--2410},
  title		= {Visualization and interpretation of Siamese style
		  convolutional neural networks for sound search by vocal
		  imitation},
  year		= {2018}
}

@Article{	  zloof1977query,
  author	= {Zloof, Moshe M.},
  journal	= {IBM systems Journal},
  number	= {4},
  pages		= {324--343},
  publisher	= {IBM},
  title		= {Query-by-example: A data base language},
  volume	= {16},
  year		= {1977}
}
