
%%%%%%%%%%%%%%%%%%%%%%%%%%%%%%%%%%%%%%%%%%%
% Automatic Synthesizer Programming by Year
%%%%%%%%%%%%%%%%%%%%%%%%%%%%%%%%%%%%%%%%%%%

@article{zloof1977query,
	Author = {Zloof, Moshe M.},
	Journal = {IBM systems Journal},
	Number = {4},
	Pages = {324--343},
	Publisher = {IBM},
	Title = {Query-by-example: A data base language},
	Volume = {16},
	Year = {1977}}

@article{wessel1979timbre,
	Author = {Wessel, David L},
	Journal = {Computer music journal},
	Pages = {45--52},
	Publisher = {JSTOR},
	Title = {Timbre space as a musical control structure},
	Year = {1979}}

@article{justice1979analytic,
	Author = {Justice, James},
	Journal = {IEEE Transactions on Acoustics, Speech, and Signal Processing},
	Number = {6},
	Pages = {670--684},
	Publisher = {IEEE},
	Title = {Analytic signal processing in music computation},
	Volume = {27},
	Year = {1979}}

@article{beauchamp1982synthesis,
	Author = {Beauchamp, James W},
	Journal = {Journal of the Audio Engineering Society},
	Number = {6},
	Pages = {396--406},
	Publisher = {Audio Engineering Society},
	Title = {Synthesis by spectral amplitude and "Brightness" matching of analyzed musical instrument tones},
	Volume = {30},
	Year = {1982}}

@inproceedings{ashley1986knowledge,
	Author = {Ashley, Richard D},
	Booktitle = {Proceedings of the 1986 International Computer Music Conference},
	Publisher = {Ann Arbor, MI: Michigan Publishing, University of Michigan Library},
	Title = {A knowledge-based approach to assistance in timbral design},
	Year = {1986}}

@inproceedings{payne1987microcomputer,
	Author = {Payne, Russell G},
	Booktitle = {Proceedings of the 1987 International Computer Music Conference},
	Title = {A Microcomputer-Based Analysis/Resynthesis Scheme for Processing Sampled Sounds using FM.},
	Year = {1987}}

@inproceedings{delprat1990parameter,
	Author = {Delprat, N and Guillemain, Ph and Kronland-Martinet, R},
	Booktitle = {Proceedings of the 1990 International Computer Music Conference},
	Pages = {88--90},
	Title = {Parameter estimation for non-linear resynthesis methods with the help of a time-frequency analysis of natural sounds},
	Year = {1990}}

@article{horner1993machine,
	Author = {Horner, Andrew and Beauchamp, James and Haken, Lippold},
	Journal = {Computer Music Journal},
	Number = {4},
	Pages = {17--29},
	Publisher = {JSTOR},
	Title = {Machine tongues XVI: Genetic algorithms and their application to FM matching synthesis},
	Volume = {17},
	Year = {1993}}

@article{horner1993methods,
	Author = {Horner, Andrew and Beauchamp, James and Haken, Lippold},
	Journal = {Journal of the Audio Engineering Society},
	Number = {5},
	Pages = {336--356},
	Publisher = {Audio Engineering Society},
	Title = {Methods for multiple wavetable synthesis of musical instrument tones},
	Volume = {41},
	Year = {1993}}

@inproceedings{vuori1993parameter,
	Author = {Vuori, Jarkko and V{\"a}lim{\"a}ki, Vesa},
	Booktitle = {Proceedings of the International Computer Music Conference},
	Organization = {INTERNATIONAL COMPUTER MUSIC ACCOCIATION},
	Pages = {402--402},
	Title = {Parameter estimation of non-linear physical models by simulated evolution-application to the flute model},
	Year = {1993}}

@inproceedings{takala1993using,
  title={Using Physically-Based Models and Genetic Algorithms for Functional Composition of Sound Signals},
  author={Takala, T and Hahn, J and Gritz, L and Geigel, J and Lee, JW},
  booktitle={International Computer Music Conference (ICMC)},
  year={1993}
}

@article{ethington1994seawave,
	Author = {Ethington, Russ and Punch, Bill},
	Journal = {Computer Music Journal},
	Number = {1},
	Pages = {30--39},
	Publisher = {JSTOR},
	Title = {SeaWave: A system for musical timbre description},
	Volume = {18},
	Year = {1994}}

@inproceedings{fujinaga1994genetic,
	Author = {Fujinaga, Ichiro and Vantomme, Jason},
	Booktitle = {Proceedings of the International Computer Music Conference},
	Pages = {138--138},
	Title = {Genetic algorithms as a method for granular synthesis regulation},
	Year = {1994}}

@article{horner1995wavetable,
	Author = {Horner, Andrew},
	Journal = {Journal of the Audio Engineering Society},
	Number = {11},
	Pages = {916--931},
	Publisher = {Audio Engineering Society},
	Title = {Wavetable matching synthesis of dynamic instruments with genetic algorithms},
	Volume = {43},
	Year = {1995}}

@article{miranda1995artificial,
	Author = {Miranda, Eduardo Reck},
	Journal = {Computer Music Journal},
	Number = {2},
	Pages = {59--75},
	Publisher = {JSTOR},
	Title = {An artificial intelligence approach to sound design},
	Volume = {19},
	Year = {1995}}

@article{horner1995envelope,
	Author = {Horner, Andrew},
	Journal = {Journal of New Music Research},
	Number = {4},
	Pages = {318--341},
	Publisher = {Taylor \& Francis},
	Title = {Envelope matching with genetic algorithms},
	Volume = {24},
	Year = {1995}}

@article{horner1996computation,
	Author = {Horner, Andrew	},
	Journal = {Journal of the Audio Engineering Society},
	Number = {6},
	Pages = {481--496},
	Publisher = {Audio Engineering Society},
	Title = {Computation and memory tradeoffs with multiple wavetable interpolation},
	Volume = {44},
	Year = {1996}}

@article{horner1996piecewise,
	Author = {Horner, Andrew and Beauchamp, James},
	Journal = {Computer Music Journal},
	Number = {2},
	Pages = {72--95},
	Publisher = {JSTOR},
	Title = {Piecewise-linear approximation of additive synthesis envelopes: a comparison of various methods},
	Volume = {20},
	Year = {1996}}

@article{cheung1996group,
	Author = {Cheung, Ngai-Man and Horner, Andrew B},
	Journal = {Journal of the Audio Engineering Society},
	Number = {3},
	Pages = {130--147},
	Publisher = {Audio Engineering Society},
	Title = {Group synthesis with genetic algorithms},
	Volume = {44},
	Year = {1996}}

@article{horner1996double,
	Author = {Horner, Andrew},
	Journal = {Computer Music Journal},
	Number = {2},
	Pages = {57--71},
	Publisher = {JSTOR},
	Title = {Double-modulator FM matching of instrument tones},
	Volume = {20},
	Year = {1996}}

@article{tan1996automated,
	Author = {Tan, BTG and Lim, SM},
	Journal = {Journal of the audio Engineering Society},
	Number = {1/2},
	Pages = {3--15},
	Publisher = {Audio Engineering Society},
	Title = {Automated parameter optimization of double frequency modulation synthesis using the genetic annealing algorithm},
	Volume = {44},
	Year = {1996}}

@article{oates1997analytical,
	Author = {Oates, Shaun and Eaglestone, Barry},
	Journal = {Computer Music Journal},
	Number = {2},
	Pages = {21--39},
	Publisher = {JSTOR},
	Title = {Analytical methods for group additive synthesis},
	Volume = {21},
	Year = {1997}}

@article{delprat1997global,
	Author = {Delprat, Nathalie},
	Journal = {IEEE Transactions on Speech and Audio Processing},
	Number = {1},
	Pages = {64--71},
	Publisher = {IEEE},
	Title = {Global frequency modulation laws extraction from the Gabor transform of a signal: A first study of the interacting components case},
	Volume = {5},
	Year = {1997}}

@article{hourdin1997sound,
	Author = {Hourdin, Christophe and Charbonneau, G{\'e}rard and Moussa, Tarek},
	Journal = {Computer Music Journal},
	Number = {2},
	Pages = {56--68},
	Publisher = {JSTOR},
	Title = {A sound-synthesis technique based on multidimensional scaling of spectra},
	Volume = {21},
	Year = {1997}}

@article{horner1998nested,
	Author = {Horner, Andrew},
	Journal = {IEEE Transactions on Speech and Audio Processing},
	Number = {4},
	Pages = {398--409},
	Publisher = {IEEE},
	Title = {Nested modulator and feedback FM matching of instrument tones},
	Volume = {6},
	Year = {1998}}

@article{horner1998modeling,
	Author = {Horner, Andrew and Ayers, Lydia},
	Journal = {Journal of the Audio Engineering Society},
	Number = {10},
	Pages = {868--879},
	Publisher = {Audio Engineering Society},
	Title = {Modeling acoustic wind instruments with contiguous group synthesis},
	Volume = {46},
	Year = {1998}}

@inproceedings{wehn1998using,
  title={Using ideas from natural selection to evolve synthesized sounds},
  author={Wehn, Kaare and others},
  booktitle={Proceedings of Digital Audio Effects workshop},
  year={1998},
  organization={Citeseer}
}

@article{lee1999modeling,
	Author = {Lee, Kathy and Horner, Andrew},
	Journal = {Journal of the Audio Engineering Society},
	Number = {3},
	Pages = {101--111},
	Publisher = {Audio Engineering Society},
	Title = {Modeling piano tones with group synthesis},
	Volume = {47},
	Year = {1999}}

@inproceedings{johnson1999exploring,
	Author = {Johnson, Colin G},
	Booktitle = {Proceedings of the AISB'99 Symposium on Musical Creativity},
	Organization = {Society for the Study of Artificial Intelligence and Simulation of Behaviour},
	Pages = {20--27},
	Title = {Exploring the sound-space of synthesis algorithms using interactive genetic algorithms},
	Year = {1999}}

@article{lim1999performance,
	Author = {Lim, SM and Tan, BTG},
	Journal = {Journal of the Audio Engineering Society},
	Number = {5},
	Pages = {339--354},
	Publisher = {Audio Engineering Society},
	Title = {Performance of the genetic annealing algorithm in DFM synthesis of dynamic musical sound samples},
	Volume = {47},
	Year = {1999}}

@inproceedings{erkut2000extraction,
	Author = {Erkut, Cumhur and V{\"a}lim{\"a}ki, Vesa and Karjalainen, Matti and Laurson, Mikael},
	Booktitle = {Audio Engineering Society Convention 108},
	Organization = {Audio Engineering Society},
	Title = {Extraction of physical and expressive parameters for model-based sound synthesis of the classical guitar},
	Year = {2000}}

@article{liang2000recurrent,
	Author = {Liang, Sheng-Fu and Su, Alvin WY},
	Journal = {Journal of the Audio Engineering Society},
	Number = {11},
	Pages = {1045--1059},
	Publisher = {Audio Engineering Society},
	Title = {Recurrent neural-network-based physical model for the chin and other plucked-string instruments},
	Volume = {48},
	Year = {2000}}

@mastersthesis{garcia2001automatic,
	Author = {Garc{\'\i}a, Ricardo Antonio},
	School = {Massachusetts Institute of Technology},
	Title = {Automatic generation of sound synthesis techniques},
	Year = {2001}}

@inproceedings{nackaerts2001parameter,
	Author = {Nackaerts, Axel and De Moor, Bart and Lauwereins, Rudy},
	Booktitle = {ICMC},
	Title = {Parameter estimation for dual-polarization plucked string models.},
	Year = {2001}}

@inproceedings{dahlstedt2001creating,
	Author = {Dahlstedt, Palle},
	Booktitle = {ICMC},
	Title = {Creating and Exploring Huge Parameter Spaces: Interactive Evolution as a Tool for Sound Generation.},
	Year = {2001}}

@inproceedings{garcia2001growing,
	Author = {Garcia, R},
	Booktitle = {Proceedings ALMMA 2001: Artificial Life Models for Musical Applications Workshop,(ECAL 2001)},
	Organization = {Citeseer},
	Title = {Growing sound synthesizers using evolutionary methods},
	Year = {2001}}

@mastersthesis{jehan2001perceptual,
	Author = {Jehan, Tristan},
	School = {Massachusetts Institute of Technology},
	Title = {Perceptual synthesis engine: An audio-driven timbre generator},
	Year = {2001}}

@article{so2002wavetable,
	Author = {So, Clifford and Horner, Andrew B},
	Journal = {Journal of the Audio Engineering Society},
	Number = {1/2},
	Pages = {46--56},
	Publisher = {Audio Engineering Society},
	Title = {Wavetable matching of inharmonic string tones},
	Volume = {50},
	Year = {2002}}

@article{su2002class,
	Author = {Su, Alvin WY and Liang, Sheng-Fu},
	Journal = {IEEE transactions on neural networks},
	Number = {5},
	Pages = {1137--1148},
	Publisher = {IEEE},
	Title = {A class of physical modeling recurrent networks for analysis/synthesis of plucked string instruments},
	Volume = {13},
	Year = {2002}}

@article{arfib2002strategies,
	Author = {Arfib, Daniel and Couturier, Jean-Michel and Kessous, Lo{\i}c and Verfaille, Vincent},
	Journal = {Organised sound},
	Number = {2},
	Pages = {127--144},
	Publisher = {Cambridge University Press},
	Title = {Strategies of mapping between gesture data and synthesis model parameters using perceptual spaces},
	Volume = {7},
	Year = {2002}}

@mastersthesis{le2002neural,
  title={A neural network principal component synthesizer for expressive control of musical sounds},
  author={Le Groux, Sylvain},
  year={2002},
  school={Paris, France: IRCAM}
}

@article{horner2003auto,
	Author = {Horner, Andrew},
	Journal = {Contemporary Music Review},
	Number = {3},
	Pages = {21--29},
	Publisher = {Taylor \& Francis},
	Title = {Auto-programmable FM and wavetable synthesizers},
	Volume = {22},
	Year = {2003}}

@article{riionheimo2003parameter,
	Author = {Riionheimo, Janne and V{\"a}lim{\"a}ki, Vesa},
	Journal = {EURASIP Journal on Applied Signal Processing},
	Pages = {791--805},
	Publisher = {Hindawi Publishing Corp.},
	Title = {Parameter estimation of a plucked string synthesis model using a genetic algorithm with perceptual fitness calculation},
	Volume = {2003},
	Year = {2003}}

@article{johnson2003exploring,
	Author = {Johnson, Colin G},
	Journal = {Leonardo},
	Number = {1},
	Pages = {51--54},
	Publisher = {MIT Press},
	Title = {Exploring sound-space with interactive genetic algorithms},
	Volume = {36},
	Year = {2003}}

@article{tan2003automated,
	Author = {Tan, BTG and Liu, N},
	Journal = {Journal of the Audio Engineering Society},
	Number = {6},
	Pages = {534--546},
	Publisher = {Audio Engineering Society},
	Title = {Automated parameter optimization for double frequency modulation synthesis using a tree evolution algorithm},
	Volume = {51},
	Year = {2003}}

@article{mandelis2003musical,
	Author = {Mandelis, James and Husbands, Phil},
	Journal = {Contemporary Music Review},
	Number = {3},
	Pages = {69--77},
	Publisher = {Taylor \& Francis},
	Title = {Musical interaction with artificial life forms: Sound synthesis and performance mappings},
	Volume = {22},
	Year = {2003}}

@inproceedings{seago2004critical,
	Author = {Seago, Allan and Holland, Simon and Mulholland, Paul},
	Booktitle = {Proceedings of the XVIII British HCI Group Annual Conference},
	Organization = {HCI},
	Publisher = {Research Press International},
	Title = {A critical analysis of synthesizer user interfaces for timbre},
	Year = {2004}}

@inproceedings{kapur2004query,
	Author = {Kapur, Ajay and Benning, Manj and Tzanetakis, George},
	Booktitle = {Proceedings of the International Conference on Music Information Retrieval},
	Pages = {170--177},
	Title = {Query-by-beat-boxing: Music retrieval for the DJ},
	Year = {2004}}

@article{miranda2004crossroads,
  title={At the crossroads of evolutionary computation and music: Self-programming synthesizers, swarm orchestras and the origins of melody},
  author={Miranda, Eduardo Reck},
  journal={Evolutionary Computation},
  volume={12},
  number={2},
  pages={137--158},
  year={2004},
  publisher={MIT Press}
}

@inproceedings{mitchell2005frequency,
	Author = {Mitchell, Thomas and Sullivan, Charlie},
	Booktitle = {Audio Engineering Society Convention 118},
	Month = {May},
	Title = {Frequency Modulation Tone Matching Using a Fuzzy Clustering Evolution Strategy},
	Year = {2005}}

@inproceedings{schatter2005synaesthetic,
  title={A Synaesthetic Approach for a synthesizer Interface Based on Genetic Algorithms and fuzzy Sets.},
  author={Schatter, G{\"u}nther and Z{\"u}ger, Emanuel and Nitschke, Christian},
  booktitle={ICMC},
  year={2005}
}

@inproceedings{gounaropoulos2006synthesising,
	Author = {Gounaropoulos, Alex and Johnson, Colin},
	Booktitle = {Workshops on Applications of Evolutionary Computation},
	Organization = {Springer},
	Pages = {664--675},
	Title = {Synthesising timbres and timbre-changes from adjectives/adverbs},
	Year = {2006}}

@inproceedings{johnson2006timbre,
	Author = {Johnson, Colin G and Gounaropoulos, Alex},
	Booktitle = {Proceedings of the 2006 conference on New interfaces for musical expression},
	Organization = {IRCAM},
	Pages = {101--102},
	Title = {Timbre interfaces using adjectives and adverbs},
	Year = {2006}}

@inproceedings{lai2006automated,
  title={Automated optimization of parameters for FM sound synthesis with genetic algorithms},
  author={Lai, Yuyo and Jeng, Shyh-Kang and Liu, Der-Tzung and Liu, Yo-Chung},
  booktitle={International Workshop on Computer Music and Audio Technology},
  pages={205},
  year={2006},
  organization={Citeseer}
}

@inproceedings{howard2007timbral,
  title={Timbral adjectives for the control of a music synthesizer},
  author={Howard, D and Disley, A and Hunt, A},
  booktitle={19th International Congress on Acoustics, Madrid},
  pages={2--7},
  year={2007}
}

@inproceedings{chinen2007genesynth,
	Author = {Chinen, Michael and Osaka, Naotoshi},
	Booktitle = {Proceedings of the International Computer Music Conference},
	Title = {Genesynth: noise band-Based Genetic Algorithm Analysis/synthesis Framework.},
	Year = {2007}}

@inproceedings{yee2007evolving,
	Author = {Yee-King, Matthew John},
	Booktitle = {Music-AL workshop, ECAL conference},
	Title = {The evolving drum machine},
	Volume = {2007},
	Year = {2007}}

@inproceedings{mitchell2007evolutionary,
	Author = {Mitchell, Thomas J and Creasey, David P},
	Booktitle = {Sixth International Conference on Machine Learning and Applications (ICMLA 2007)},
	Organization = {IEEE},
	Pages = {229--234},
	Title = {Evolutionary sound matching: A test methodology and comparative study},
	Year = {2007}}

@mastersthesis{mintz2007toward,
	Author = {Mintz, Daniel},
	School = {Citeseer},
	Title = {Toward timbral synthesis: a new method for synthesizing sound based on timbre description schemes},
	Year = {2007}}

@inproceedings{yee2007automated,
	Author = {Yee-King, Matthew John},
	Booktitle = {Workshops on Applications of Evolutionary Computation},
	Organization = {Springer},
	Pages = {567--576},
	Title = {An automated music improviser using a genetic algorithm driven synthesis engine},
	Year = {2007}}

@inproceedings{mcdermott2007evolutionary,
  title={Evolutionary GUIs for sound synthesis},
  author={McDermott, James and Griffith, Niall JL and O'Neill, Michael},
  booktitle={Workshops on Applications of Evolutionary Computation},
  pages={547--556},
  year={2007},
  organization={Springer}
}

@phdthesis{mcdermott2008evolutionary,
	Author = {McDermott, James},
	Date-Added = {2019-11-04 18:35:37 +0000},
	Date-Modified = {2019-11-04 18:40:32 +0000},
	Journal = {Applications of Evolutionary Computing},
	Publisher = {Citeseer},
	School = {University of Limerick, Ireland},
	Title = {Evolutionary computation applied to the control of sound synthesis},
	Volume = {4974},
	Year = {2008}}

@inproceedings{yee2008synthbot,
	Author = {Yee-King, Matthew and Roth, Martin},
	Booktitle = {Proceedings of the International Computer Music Conference},
	Title = {Synthbot: an Unsupervised Software synthesizer Programmer.},
	Year = {2008}}

@misc{gold19129,
           month = {January},
           title = {A Java-based VST Host. VST instruments and effects can be loaded and manipulated by this library in Linux, OS X, and Windows},
          author = {Martin Roth and Matthew Yee-King},
            year = {2008},
        keywords = {vst},
             url = {http://research.gold.ac.uk/19129/}}


@inproceedings{heise2009automatic,
	Author = {Heise, Sebastian and Hlatky, Michael and Loviscach, J{\"o}rn},
	Booktitle = {Audio Engineering Society Convention 127},
	Organization = {Audio Engineering Society},
	Title = {Automatic cloning of recorded sounds by software synthesizers},
	Year = {2009}}

@phdthesis{stowell2010making,
	Author = {Stowell, Dan},
	Title = {Making music through real-time voice timbre analysis: machine learning and timbral control},
	Year = {2010}}

@phdthesis{yee2011automatic,
	Author = {Yee-King, Matthew John},
	School = {University of Sussex},
	Title = {Automatic sound synthesizer programming: techniques and applications},
	Year = {2011}}

@article{johnson2011sound,
	Author = {Johnson, Adam and Phillips, Iain},
	Journal = {Imperial College London},
	Title = {Sound Resynthesis with a Genetic Algorithm},
	Year = {2011}}

@inproceedings{clement2011automatic,
	Author = {Clement, Ross},
	Booktitle = {Proceedings of the 2011 International Computer Music Conference},
	Publisher = {Ann Arbor, MI: Michigan Publishing, University of Michigan Library},
	Title = {Automatic synthesiser programming},
	Year = {2011}}

@inproceedings{pekonen2011computationally,
	Author = {Pekonen, Jussi and Pihlajam{\"a}ki, Tapani and V{\"a}lim{\"a}ki, Vesa},
	Booktitle = {Proceedings of the 14th International Conference on Digital Audio Effects (DAFx-11), Paris, France},
	Pages = {19--23},
	Title = {Computationally efficient Hammond organ synthesis},
	Year = {2011}}

@inproceedings{roth2011comparison,
	Author = {Roth, Martin and Yee-King, Matthew},
	Booktitle = {Audio Engineering Society Convention 130},
	Organization = {Audio Engineering Society},
	Title = {A comparison of parametric optimization techniques for musical instrument tone matching},
	Year = {2011}}

@inproceedings{munoz2011opposition,
  title={Opposition-based shuffled PSO with passive congregation applied to FM matching synthesis},
  author={Mu{\~n}oz, Daniel M and Llanos, Carlos H and Coelho, Leandro dos S and Ayala-Rinc{\'o}n, Mauricio},
  booktitle={2011 IEEE Congress of Evolutionary Computation (CEC)},
  pages={2775--2781},
  year={2011},
  organization={IEEE}
}

@article{macret2012automatic,
	Author = {Macret, Matthieu and Pasquier, Philippe and Smyth, Tamara},
	Title = {Automatic calibration of modified fm synthesis to harmonic sounds using genetic algorithms},
	Year = {2012}}

@article{hamadicharef2012intelligent,
	Author = {Hamadicharef, Brahim and Ifeachor, Emmanuel C},
	Journal = {Expert Systems with Applications},
	Number = {7},
	Pages = {6476--6484},
	Publisher = {Elsevier},
	Title = {Intelligent and perceptual-based approach to musical instruments sound design},
	Volume = {39},
	Year = {2012}}

@article{mitchell2012automated,
  title={Automated evolutionary synthesis matching},
  author={Mitchell, Thomas},
  journal={Soft Computing},
  volume={16},
  number={12},
  pages={2057--2070},
  year={2012},
  publisher={Springer}
}

@inproceedings{macret2013automatic,
	Author = {Macret, Matthieu and Pasquier, Philippe},
	Booktitle = {Proceedings of the Sound and Music Computing Conference},
	Title = {Automatic Tuning of the OP-1 Synthesizer Using a Multi-objective Genetic Algorithm},
	Year = {2013}}

@article{humphrey2013brief,
	Author = {Humphrey, Eric J and Turnbull, Douglas and Collins, Tom},
	Journal = {ISMIR Late-Breaking News and Demos},
	Title = {A brief review of creative MIR},
	Year = {2013}}

@inproceedings{povscic2013controlling,
	Author = {Po{\v{s}}{\'c}i{\'c}, Antonio and Krekovi{\'c}, Gordan},
	Booktitle = {Proc. of the 10th Sound and Music Computing Int. Conf},
	Title = {Controlling a sound synthesizer using timbral attributes},
	Year = {2013}}

@incollection{seago2013new,
  title={A new interaction strategy for musical timbre design},
  author={Seago, Allan},
  booktitle={Music and human-computer interaction},
  pages={153--169},
  year={2013},
  publisher={Springer}
}

@article{lemaitre2014effectiveness,
	Author = {Lemaitre, Guillaume and Rocchesso, Davide},
	Journal = {The Journal of the Acoustical Society of America},
	Number = {2},
	Pages = {862--873},
	Publisher = {ASA},
	Title = {On the effectiveness of vocal imitations and verbal descriptions of sounds},
	Volume = {135},
	Year = {2014}}

@inproceedings{mcartwright2014,
	Author = {Cartwright, Mark and Pardo, Bryan},
	Booktitle = {Proceedings of the International Conference on New Interfaces for Musical Expression},
	Month = jun,
	Pages = {363--366},
	Title = {SynthAssist: Querying an Audio Synthesizer by Vocal Imitation},
	Url = {http://www.nime.org/proceedings/2014/nime2014_446.pdf},
	Year = {2014},
	Bdsk-Url-1 = {http://www.nime.org/proceedings/2014/nime2014_446.pdf}}

@inproceedings{blancas2014sound,
	Author = {Blancas, David Sanchez and Janer, Jordi},
	Booktitle = {Audio Engineering Society Conference: 53rd International Conference: Semantic Audio},
	Organization = {Audio Engineering Society},
	Title = {Sound retrieval from voice imitation queries in collaborative databases},
	Year = {2014}}

@inproceedings{itoyama2014parameter,
	Author = {Itoyama, Katsutoshi and Okuno, Hiroshi G},
	Booktitle = {ICMC},
	Title = {Parameter estimation of virtual musical instrument synthesizers},
	Year = {2014}}

@inproceedings{krekovic2014intelligent,
	Author = {Krekovi{\'c}, Gordan and Petrinovi{\'c}, Davor},
	Booktitle = {ICMC},
	Title = {Intelligent exploration of sound spaces using decision trees and evolutionary approach},
	Year = {2014}}

@inproceedings{huang2014active,
	Author = {Huang, Cheng-Zhi Anna and Duvenaud, David and Arnold, Kenneth C and Partridge, Brenton and Oberholtzer, Josiah W and Gajos, Krzysztof Z},
	Booktitle = {Proceedings of the 19th international conference on Intelligent User Interfaces},
	Organization = {ACM},
	Pages = {115--124},
	Title = {Active learning of intuitive control knobs for synthesizers using gaussian processes},
	Year = {2014}}

@inproceedings{macret2014automatic,
	Author = {Macret, Matthieu and Pasquier, Philippe},
	Booktitle = {Proceedings of the 2014 Annual Conference on Genetic and Evolutionary Computation},
	Organization = {ACM},
	Pages = {309--316},
	Title = {Automatic design of sound synthesizers as pure data patches using coevolutionary mixed-typed cartesian genetic programming},
	Year = {2014}}

@misc{tavana2015democracy,
	Author = {Tavana, Art},
	Publisher = {Pitchfork},
	Title = {Democracy of Sound: Is GarageBand Good for Music?},
	Year = {2015}}

@inproceedings{cartwright2015vocalsketch,
	Author = {Cartwright, Mark and Pardo, Bryan},
	Booktitle = {Proceedings of the 33rd Annual ACM Conference on Human Factors in Computing Systems},
	Organization = {ACM},
	Pages = {43--46},
	Title = {Vocalsketch: Vocally imitating audio concepts},
	Year = {2015}}

@article{tatar2016automatic,
	Author = {Tatar, K{\i}van{\c{c}} and Macret, Matthieu and Pasquier, Philippe},
	Journal = {Journal of New Music Research},
	Number = {2},
	Pages = {124--144},
	Publisher = {Routledge},
	Title = {Automatic synthesizer preset generation with PresetGen},
	Volume = {45},
	Year = {2016}}

@inproceedings{fasciani2016tsam,
	Author = {Fasciani, Stefano},
	Booktitle = {Proceedings of the 13th Annual Sound and Music Computing Conference},
	Organization = {SCM},
	Title = {TSAM: a tool for analyzing, modeling, and mapping the timbre of sound synthesizers},
	Year = {2016}}

@article{krekovic2016algorithm,
	Author = {Krekovi{\'c}, Gordan and Po{\v{s}}{\'c}i{\'c}, Antonio and Petrinovi{\'c}, Davor},
	Journal = {Journal of New Music Research},
	Number = {4},
	Pages = {375--390},
	Publisher = {Taylor \& Francis},
	Title = {An algorithm for controlling arbitrary sound synthesizers using adjectives},
	Volume = {45},
	Year = {2016}}

@article{yee2016use,
	Author = {Yee-King, Matthew John},
	Journal = {ACM Comput. Entertainment},
	Number = {3},
	Title = {The use of interactive genetic algorithms in sound design: a comparison study},
	Volume = {14},
	Year = {2016}}

@inproceedings{de2017ten,
	Author = {De Man, Brecht and Reiss, Joshua D and Stables, Ryan},
	Booktitle = {Proceedings of the 3rd Workshop on Intelligent Music Production},
	Title = {Ten years of automatic mixing},
	Year = {2017}}

@inproceedings{smith2017play,
	Author = {Smith, Benjamin D},
	Booktitle = {International Conference on Evolutionary and Biologically Inspired Music and Art},
	Organization = {Springer},
	Pages = {275--288},
	Title = {Play it Again: Evolved Audio Effects and Synthesizer Programming},
	Year = {2017}}
	
@misc{fedden2017renderman,
	Author = {Leon Fedden},
	Date-Added = {2019-11-10 00:50:41 +0000},
	Date-Modified = {2019-11-10 00:53:07 +0000},
	Title = {Renderman: VST host in Python},
	Url = {https://doi.org/10.5281/zenodo.1075827},
	Urldate = {2017},
	Year = {2017}}

@mastersthesis{rasmussen2018evaluating,
	Author = {Rasmussen, Curtis},
	Title = {Evaluating the Usability of Software Synthesizers: An Analysis and First Approach},
	Year = {2018}}

@article{yee2018automatic,
	Author = {Yee-King, Matthew John and Fedden, Leon and d'Inverno, Mark},
	Journal = {IEEE Transactions on Emerging Topics in Computational Intelligence},
	Number = {2},
	Pages = {150--159},
	Publisher = {IEEE},
	Title = {Automatic Programming of VST Sound Synthesizers Using Deep Networks and Other Techniques},
	Volume = {2},
	Year = {2018}}

@inproceedings{zhang2018visualization,
	Author = {Zhang, Yichi and Duan, Zhiyao},
	Booktitle = {2018 IEEE International Conference on Acoustics, Speech and Signal Processing (ICASSP)},
	Organization = {IEEE},
	Pages = {2406--2410},
	Title = {Visualization and interpretation of Siamese style convolutional neural networks for sound search by vocal imitation},
	Year = {2018}}

@inproceedings{barkan2019deep,
	Author = {Barkan, Oren and Tsiris, David},
	Booktitle = {ICASSP 2019-2019 IEEE International Conference on Acoustics, Speech and Signal Processing (ICASSP)},
	Organization = {IEEE},
	Pages = {3887--3891},
	Title = {Deep Synthesizer Parameter Estimation},
	Year = {2019}}

@inproceedings{krekovic2019insights,
	Author = {Krekovi{\'c}, Gordan},
	Booktitle = {Proceedings of the 16th Sound and Music Computing Conference},
	Title = {Insights In Habits and Attitudes Regarding Programming Sound Synthesizers: A Quantitative Study},
	Year = {2019}}

@inproceedings{moffat2019approaches,
	Author = {Moffat, David and Sandler, Mark B},
	Booktitle = {Arts},
	Number = {4},
	Organization = {Multidisciplinary Digital Publishing Institute},
	Pages = {125},
	Title = {Approaches in Intelligent Music Production},
	Volume = {8},
	Year = {2019}}

@inproceedings{pardo2019learning,
	Author = {Pardo, Bryan and Cartwright, Mark and Seetharaman, Prem and Kim, Bongjun},
	Booktitle = {Arts},
	Number = {3},
	Organization = {Multidisciplinary Digital Publishing Institute},
	Pages = {110},
	Title = {Learning to Build Natural Audio Production Interfaces},
	Volume = {8},
	Year = {2019}}

@inproceedings{knees2019intelligent,
	Author = {Knees, Peter and Schedl, Markus and Fiebrink, Rebecca},
	Booktitle = {Proceedings of the 24th International Conference on Intelligent User Interfaces: Companion},
	Organization = {ACM},
	Pages = {135--136},
	Title = {Intelligent music interfaces for listening and creation},
	Year = {2019}}
	
@inproceedings{luke2019stochastic,
  title={Stochastic Synthesizer Patch Exploration in Edisyn},
  author={Luke, Sean},
  booktitle={International Conference on Computational Intelligence in Music, Sound, Art and Design (Part of EvoStar)},
  pages={188--200},
  year={2019},
  organization={Springer}
}
